@Manual{lipsum2014,
    title = {lipsum -- Easy access to the Lorem Ipsum dummy text},
    author = {Patrick Happel},
    year = {2014},
    note = {\LaTeX~package version 1.3},
    url = {https://www.ctan.org/pkg/lipsum},
}
